<?xml version="1.0" encoding="UTF-8"?><collection xmlns="http://www.loc.gov/MARC21/slim"><record><leader>00399nam--2200133-i-4500</leader><controlfield tag="001">000044724</controlfield><controlfield tag="002">20161230</controlfield><controlfield tag="005">20161230201044</controlfield><controlfield tag="008">060222s1000------------r-----000-0-eng-d</controlfield><datafield ind1=" " ind2=" " tag="080"><subfield code="a">57</subfield></datafield><datafield ind1=" " ind2=" " tag="100"><subfield code="a">Timiriazev, K.A</subfield></datafield><datafield ind1=" " ind2=" " tag="245"><subfield code="a">Metoda istorica in biologie. trad.din ruseste de i.peker cu o prezentare a autorului de d.prof.traian savulescu</subfield></datafield><datafield ind1=" " ind2=" " tag="260"><subfield code="a">Bucuresti, Ed.De Stat, 1946, 271p</subfield></datafield><datafield ind1=" " ind2=" " tag="852"><subfield code="a">3503</subfield></datafield></record></collection>